@online{DeepDream,
      author = { Alexander Mordvintsev and Christopher Olah and Mike Tyka},
      title = {Inceptionism: Going Deeper into Neural Networks},
      year = 2015,
      url = {https://research.googleblog.com/2015/06/inceptionism-going-deeper-into-neural.html},
      urldate = {2016-09-21}
    }
    
    @book{AdSurvey,
      title={Automatic differentiation of algorithms: from simulation to optimization},
      author={Corliss, George},
      volume={1},
      year={2002},
      publisher={Springer Science \& Business Media}
    }

@article{AD1, 
       author = {Pearlmutter, Barak A. and Siskind, Jeffrey M},
        title = "{Putting the Automatic Back into AD: Part II, Dynamic, Automatic, Nestable, and Fast
        (CVS: 1.1)}",
      journal = {ECE Technical Reports.},
         year = 2008,
        month = may,
    }
@article{AD2, 
       author = {Pearlmutter, Barak A. and Siskind, Jeffrey M},
        title = "{Putting the Automatic Back into AD: Part I, What’s Wrong
        (CVS: 1.1)}",
      journal = {ECE Technical Reports.},
         year = 2008,
       
    }

    @BOOK{GeneralCovariance, 
        title={Gravitation and Spacetime (2nd ed.)},
        author={O'Hanian and Hans C. and Ruffini and Remo },
        publisher={W. W. Norton},
        year={1994},
        isbn={ 0-393-96501-5},
        section={7.1},
        }

       
@article{StatMC, 
       author = {Mark Girolami and Ben Calderhead},
        title = "{Riemann manifold Langevin and Hamiltonian Monte
        Carlo methods}",
      journal = {Journal of the Royal Statistical Society},
         year = 2011,
    }    
@article{TensorGPU,
title = {High-performance Tensor Contractions for \{GPUs\} },
journal = {Procedia Computer Science },
volume = {80},
number = {},
pages =  {108 - 118},
year = "2016",
note = {International Conference on Computational Science 2016, \{ICCS\} 2016, 6-8 June 2016, San Diego, California, \{USA\} },
issn = {1877-0509},
doi = {http://dx.doi.org/10.1016/j.procs.2016.05.302},
author = {A. Abdelfattah et al.},

}


@article{Feynman,
  title = {An Operator Calculus Having Applications in Quantum Electrodynamics},
  author = {Feynman, Richard P.},
  journal = {Phys. Rev.},
  volume = {84},
  issue = {1},
  pages = {108--128},
  numpages = {0},
  year = {1951},
  month = {Oct},
  publisher = {American Physical Society},
  doi = {10.1103/PhysRev.84.108},
}
    
 
 @article {HeavisideOperational,
 author = {Carson, John R.},
 title = {The Heaviside Operational Calculus},
 journal = {Bell System Technical Journal},
 volume = {1},
 number = {2},
 publisher = {Blackwell Publishing Ltd},
 issn = {1538-7305},
 doi = {10.1002/j.1538-7305.1922.tb00388.x},
 pages = {43--55},
 year = {1922},
 }
 
 @inprocedings{RecurrentNet,
       title={Parsing natural scenes and natural language with recursive neural networks},
         author={Socher, Richard and Lin, Cliff C and Manning, Chris and Ng, Andrew Y},
         booktitle={Proceedings of the 28th international conference on machine learning (ICML-11)},
         pages={129--136},
         year={2011}
     }
    
@inproceedings{HighwayNet,
title={Training very deep networks},
  author={Srivastava, Rupesh K and Greff, Klaus and Schmidhuber, J{\"u}rgen},
  booktitle={Advances in neural information processing systems},
  pages={2377--2385},
  year={2015}
}
@article{LSTM,
  title={Long short-term memory},
  author={Hochreiter, Sepp and Schmidhuber, J{\"u}rgen},
  journal={Neural computation},
  volume={9},
  number={8},
  pages={1735--1780},
  year={1997},
  publisher={MIT Press}
}

@inproceedings{ConvNet,
  title={Imagenet classification with deep convolutional neural networks},
  author={Krizhevsky, Alex and Sutskever, Ilya and Hinton, Geoffrey E},
  booktitle={Advances in neural information processing systems},
  pages={1097--1105},
  year={2012}
}

@article{VanishingGradient,
       title={On the difficulty of training recurrent neural networks.},
       author={Pascanu, Razvan and Mikolov, Tomas and Bengio, Yoshua},
       journal={ICML (3)},
       volume={28},
       pages={1310--1318},
       year={2013}
     }
@article{HyperParams,
         title={Gradient-based optimization of hyperparameters},
         author={Bengio, Yoshua},
         journal={Neural computation},
         volume={12},
         number={8},
         pages={1889--1900},
         year={2000},
         publisher={MIT Press}
     } 
@online{dC++,
author = {Žiga Sajovic},
  title = {dCpp},
  year = {2016},
  Eprinttype ={gitHub},
       url = {https://github.com/zigasajovic/dCpp},

     }  
@online{dC++Paper,
author = {Žiga Sajovic},
  title = {Implemetation of Operational calculus on programing spaces with Applications},
  year = {2016},
  Eprinttype ={gitHub},
       url = {https://zigasajovic.github.io/dCpp/paper/dCpp.pdf},

     }      
@online{OpCalc,
author = {Norbert Wiener},
year={1926},
   Eprinttype = {Göttingen Digitalisierungszentrum},
  title = {The operational calculus},
       url = { http://gdz.sub.uni-goettingen.de/en/dms/loader/img/?PID=GDZPPN002270846&physid=PHYS_0561},
     }    
@ARTICLE{Theano,
   author = {{Theano Development Team}},
    title = "{Theano: A {Python} framework for fast computation of mathematical expressions}",
  journal = {arXiv e-prints},
   volume = {abs/1605.02688},
 primaryClass = "cs.SC",
 keywords = {Computer Science - Symbolic Computation, Computer Science - Learning, Computer Science - Mathematical Software},
     year = 2016,
    month = may,
      url = {http://arxiv.org/abs/1605.02688},
}  
@misc{TensorFlow,
title={{TensorFlow}: Large-Scale Machine Learning on Heterogeneous Systems},
url={http://tensorflow.org/},
note={Software available from tensorflow.org},
author={
    Mart\'{\i}n~Abadi and
    et al.},
  year={2015},
}      
@article{PcAD,
author = {Kamil A. Khan and Paul I. Barton},
title = {A vector forward mode of automatic differentiation for generalized derivative evaluation},
journal = {Optimization Methods and Software},
volume = {30},
number = {6},
pages = {1185-1212},
year = {2015},
doi = {10.1080/10556788.2015.1025400},

}
@article{ReverseAD,
 author = {Hogan, Robin J.},
 title = {Fast Reverse-Mode Automatic Differentiation Using Expression Templates in C++},
 journal = {ACM Trans. Math. Softw.},
 issue_date = {June 2014},
 volume = {40},
 number = {4},
 month = jul,
 year = {2014},
 issn = {0098-3500},
 pages = {26:1--26:16},
 articleno = {26},
 numpages = {16},
 url = {http://doi.acm.org/10.1145/2560359},
 doi = {10.1145/2560359},
 acmid = {2560359},
 publisher = {ACM},
 address = {New York, NY, USA},
 keywords = {Adjoint code, Jacobian matrix, quasi-Newton, template metaprogramming},
} 

@Article{netRam,
author={Graves, Alex and et al.
},
title={Hybrid computing using a neural network with dynamic external memory},
journal={Nature},
year={2016},
month={Oct},
day={12},
publisher={Macmillan Publishers Limited, part of Springer Nature. All rights reserved.},
volume={advance online publication},
note={Article},
issn={1476-4687},
}

@inproceedings{hyper,
  title={Auto-WEKA: Combined selection and hyperparameter optimization of classification algorithms},
  author={Thornton, Chris and et al.},
  booktitle={Proceedings of the 19th ACM SIGKDD international conference on Knowledge discovery and data mining},
  pages={847--855},
  year={2013},
  organization={ACM}
}
@online{OpCalcArxiv,
Author = {Žiga Sajovic and Martin Vuk},
Title = {Operational calculus on programming spaces and generalized tensor networks},
Year = {2016},
Eprint = {1610.07690},
Eprinttype = {arXiv},
}
